<?xml version = "1.0" encoding = "UTF-8"?><record>
  <leader>01364nas#a2200433#c#4500</leader>
  <controlfield tag="005">20210409112208.0</controlfield>
  <controlfield tag="007">fu#|||||||</controlfield>
  <controlfield tag="008">161021m20162019gw#w|#p#######|####|ger#c</controlfield>
  <controlfield tag="003">DE-605</controlfield>
  <controlfield tag="001">990213906490206441</controlfield>
  <datafield tag="015" ind1=" " ind2=" ">
    <subfield code="a">16,B44</subfield>
    <subfield code="2">dnb</subfield>
  </datafield>
  <datafield tag="016" ind1="7" ind2=" ">
    <subfield code="a">1116734109</subfield>
    <subfield code="2">DE-101b</subfield>
  </datafield>
  <datafield tag="016" ind1="7" ind2=" ">
    <subfield code="a">2872005-2</subfield>
    <subfield code="2">DE-600</subfield>
  </datafield>
  <datafield tag="016" ind1="7" ind2=" ">
    <subfield code="a">962081299</subfield>
    <subfield code="2">OCoLC</subfield>
  </datafield>
  <datafield tag="035" ind1=" " ind2=" ">
    <subfield code="a">(DE-605)HT019128882</subfield>
  </datafield>
  <datafield tag="040" ind1=" " ind2=" ">
    <subfield code="a">1141</subfield>
    <subfield code="b">ger</subfield>
    <subfield code="c">DNB</subfield>
    <subfield code="d">1140</subfield>
    <subfield code="e">rda</subfield>
  </datafield>
  <datafield tag="041" ind1=" " ind2=" ">
    <subfield code="a">ger</subfield>
  </datafield>
  <datafield tag="044" ind1=" " ind2=" ">
    <subfield code="c">XA-DE</subfield>
  </datafield>
  <datafield tag="084" ind1=" " ind2=" ">
    <subfield code="a">830</subfield>
    <subfield code="a">B</subfield>
    <subfield code="q">DE-101</subfield>
    <subfield code="2">sdnb</subfield>
  </datafield>
  <datafield tag="084" ind1=" " ind2=" ">
    <subfield code="a">830</subfield>
    <subfield code="a">B</subfield>
    <subfield code="q">DE-600</subfield>
    <subfield code="2">zdbs</subfield>
  </datafield>
  <datafield tag="100" ind1="1" ind2=" ">
    <subfield code="a">Martin, George R. R.</subfield>
    <subfield code="d">1948-</subfield>
    <subfield code="0">(DE-588)123619025</subfield>
    <subfield code="4">aut</subfield>
    <subfield code="0">(uri) https://portal.dnb.de/opac.htm?method=simpleSearch&amp;cqlMode=true&amp;query=idn=123619025</subfield>
    <subfield code="0">(uri) http://viaf.org/viaf/sourceID/DNB|123619025</subfield>
    <subfield code="B">GND-123619025</subfield>
  </datafield>
  <datafield tag="240" ind1="1" ind2="0">
    <subfield code="a">&lt;&lt;A&gt;&gt; song of ice and fire</subfield>
  </datafield>
  <datafield tag="245" ind1="1" ind2="0">
    <subfield code="a">&lt;&lt;Das&gt;&gt; Lied von Eis und Feuer</subfield>
  </datafield>
  <datafield tag="264" ind1="3" ind2="1">
    <subfield code="a">[Leipzig]</subfield>
    <subfield code="b">[Deutsche Zentralb&#252;cherei f&#252;r Blinde (DZB)]</subfield>
    <subfield code="c">[2016-2019]</subfield>
    <subfield code="3">[2016-2019]</subfield>
  </datafield>
  <datafield tag="300" ind1=" " ind2=" ">
    <subfield code="a">B&#228;nde</subfield>
    <subfield code="c">30 cm</subfield>
  </datafield>
  <datafield tag="336" ind1=" " ind2=" ">
    <subfield code="b">tct</subfield>
  </datafield>
  <datafield tag="337" ind1=" " ind2=" ">
    <subfield code="b">n</subfield>
  </datafield>
  <datafield tag="338" ind1=" " ind2=" ">
    <subfield code="b">nc</subfield>
  </datafield>
  <datafield tag="362" ind1="0" ind2=" ">
    <subfield code="a">Band 1, Heft 1 (2016)-Band 10, Heft 19 (2019) = Ausgabe 1-Ausgabe 46 ; damit Erscheinen eingestellt</subfield>
  </datafield>
  <datafield tag="363" ind1="0" ind2="0">
    <subfield code="8">1.1\x</subfield>
    <subfield code="a">1</subfield>
    <subfield code="b">1</subfield>
    <subfield code="i">2016</subfield>
  </datafield>
  <datafield tag="363" ind1="1" ind2="0">
    <subfield code="8">1.2\x</subfield>
    <subfield code="a">10</subfield>
    <subfield code="b">46</subfield>
    <subfield code="i">2019</subfield>
  </datafield>
  <datafield tag="546" ind1=" " ind2=" ">
    <subfield code="a">Kurzschrift, Brailleschrift</subfield>
  </datafield>
  <datafield tag="655" ind1=" " ind2="7">
    <subfield code="a">Zeitschrift</subfield>
    <subfield code="0">(DE-588)4067488-5</subfield>
    <subfield code="2">gnd-content</subfield>
  </datafield>
  <datafield tag="964" ind1="0" ind2="s">
    <subfield code="F">030</subfield>
    <subfield code="A">a||ur||||||17</subfield>
  </datafield>
  <datafield tag="964" ind1="0" ind2="s">
    <subfield code="F">050</subfield>
    <subfield code="A">||||a|||||||||</subfield>
  </datafield>
  <datafield tag="964" ind1="0" ind2="s">
    <subfield code="F">052</subfield>
    <subfield code="A">p||||||tw||||||</subfield>
  </datafield>
  <datafield tag="035" ind1=" " ind2=" ">
    <subfield code="a">(DE-600)2872005-2</subfield>
  </datafield>
  <datafield tag="035" ind1=" " ind2=" ">
    <subfield code="a">(OCoLC)962081299</subfield>
    <subfield code="0">(uri) http://www.worldcat.org/oclc/962081299</subfield>
  </datafield>
  <datafield tag="035" ind1=" " ind2=" ">
    <subfield code="a">(DE-599)ZDB2872005-2</subfield>
  </datafield>
  <datafield tag="MBD" ind1=" " ind2=" ">
    <subfield code="M">49HBZ_NETWORK</subfield>
    <subfield code="i">990213906490206441</subfield>
    <subfield code="n">HBZ Network</subfield>
  </datafield>
  <datafield tag="MNG" ind1=" " ind2=" ">
    <subfield code="c">System</subfield>
    <subfield code="f">ILS</subfield>
    <subfield code="i">marc21</subfield>
    <subfield code="k">01</subfield>
    <subfield code="e">false</subfield>
    <subfield code="d">2021-12-01 04:18:04 Europe/Berlin</subfield>
    <subfield code="g">021390649-HBZ01</subfield>
    <subfield code="j">90</subfield>
    <subfield code="a">import</subfield>
    <subfield code="b">2021-04-05 14:25:17 Europe/Berlin</subfield>
  </datafield>
  <datafield tag="GPN" ind1="1" ind2=" ">
    <subfield code="a">Martin, George R.R.</subfield>
    <subfield code="d">1948-</subfield>
    <subfield code="A">GND</subfield>
    <subfield code="B">GND-123619025</subfield>
    <subfield code="C">400</subfield>
  </datafield>
  <datafield tag="GPN" ind1="1" ind2=" ">
    <subfield code="a">Martin, George Raymond Richard</subfield>
    <subfield code="d">1948-</subfield>
    <subfield code="4">navo</subfield>
    <subfield code="4">https://d-nb.info/standards/elementset/gnd#FullerFormOfNameOfThePerson</subfield>
    <subfield code="w">r</subfield>
    <subfield code="i">Vollstaendiger Name</subfield>
    <subfield code="e">Vollstaendiger Name</subfield>
    <subfield code="A">GND</subfield>
    <subfield code="B">GND-123619025</subfield>
    <subfield code="C">400</subfield>
  </datafield>
  <datafield tag="GPN" ind1="1" ind2=" ">
    <subfield code="a">Martin, Zhorzh R. R.</subfield>
    <subfield code="d">1948-</subfield>
    <subfield code="A">GND</subfield>
    <subfield code="B">GND-123619025</subfield>
    <subfield code="C">400</subfield>
  </datafield>
  <datafield tag="GPN" ind1="1" ind2=" ">
    <subfield code="a">Martin, Zhorzh R.R.</subfield>
    <subfield code="d">1948-</subfield>
    <subfield code="A">GND</subfield>
    <subfield code="B">GND-123619025</subfield>
    <subfield code="C">400</subfield>
  </datafield>
  <datafield tag="GPN" ind1="1" ind2=" ">
    <subfield code="a">Martin, Zhorzh</subfield>
    <subfield code="d">1948-</subfield>
    <subfield code="A">GND</subfield>
    <subfield code="B">GND-123619025</subfield>
    <subfield code="C">400</subfield>
  </datafield>
  <datafield tag="GPN" ind1="1" ind2=" ">
    <subfield code="a">Martin, &#381;or&#382; R. R.</subfield>
    <subfield code="d">1948-</subfield>
    <subfield code="A">GND</subfield>
    <subfield code="B">GND-123619025</subfield>
    <subfield code="C">400</subfield>
  </datafield>
  <datafield tag="GPN" ind1="1" ind2=" ">
    <subfield code="a">Martin, &#381;or&#382; R.R.</subfield>
    <subfield code="d">1948-</subfield>
    <subfield code="A">GND</subfield>
    <subfield code="B">GND-123619025</subfield>
    <subfield code="C">400</subfield>
  </datafield>
  <datafield tag="GPN" ind1="1" ind2=" ">
    <subfield code="a">Martin, &#381;or&#382;</subfield>
    <subfield code="d">1948-</subfield>
    <subfield code="A">GND</subfield>
    <subfield code="B">GND-123619025</subfield>
    <subfield code="C">400</subfield>
  </datafield>
  <datafield tag="GPN" ind1="1" ind2=" ">
    <subfield code="9">U:Cyrl</subfield>
    <subfield code="a">&#1052;&#1072;&#1088;&#1090;&#1080;&#1085;, &#1046;&#1086;&#1088;&#1078;</subfield>
    <subfield code="d">1948-</subfield>
    <subfield code="A">GND</subfield>
    <subfield code="B">GND-123619025</subfield>
    <subfield code="C">400</subfield>
  </datafield>
  <datafield tag="GSI" ind1="7" ind2=" ">
    <subfield code="a">123619025</subfield>
    <subfield code="0">http://d-nb.info/gnd/123619025</subfield>
    <subfield code="2">gnd</subfield>
    <subfield code="A">GND</subfield>
    <subfield code="B">GND-123619025</subfield>
    <subfield code="C">024</subfield>
  </datafield>
</record>